<record xmlns="http://www.loc.gov/MARC21/slim" xmlns:xsi="http://www.w3.org/2001/XMLSchema-instance" xsi:schemaLocation="http://www.loc.gov/MARC21/slim http://www.loc.gov/standards/marcxml/schema/MARC21slim.xsd"><leader>     nam a22        4500</leader><controlfield tag="001">001676628</controlfield><controlfield tag="003">NNU</controlfield><controlfield tag="006">m        d        </controlfield><controlfield tag="007">cr cn |||m|||a</controlfield><controlfield tag="008">150313s1953    ua      o     000 0 ara d</controlfield><datafield ind1=" " ind2=" " tag="040"><subfield code="a">NNU</subfield><subfield code="b">eng</subfield><subfield code="c">NNU</subfield></datafield><datafield ind1="1" ind2=" " tag="100"><subfield code="a">El-Khoury, Bechara,</subfield><subfield code="d">1957-</subfield></datafield><datafield ind1="1" ind2="3" tag="245"><subfield code="a">al-Haw&#225; wa-al-shab&#257;b</subfield><subfield code="h">[electronic resource] /</subfield><subfield code="c">ta&#700;l&#299;f Bish&#257;rah al-Kh&#363;r&#299;, [i.e.] al-Akh&#7789;al al-&#7778;agh&#299;r.</subfield></datafield><datafield ind1=" " ind2=" " tag="260"><subfield code="a">[Cairo] :</subfield><subfield code="b">D&#257;r al-Ma&#699;&#257;rif,</subfield><subfield code="c">[1953]</subfield></datafield><datafield ind1=" " ind2=" " tag="500"><subfield code="a">Part of the Arabic Collections Online (ACO) project, contributed by New York Univeristy Libraries.</subfield></datafield><datafield ind1=" " ind2=" " tag="533"><subfield code="a">Electronic reproduction.</subfield><subfield code="b">New York, N.Y. :</subfield><subfield code="c">New York University,</subfield><subfield code="d">2015.</subfield><subfield code="5">NNU</subfield></datafield><datafield ind1="2" ind2=" " tag="710"><subfield code="a">New York University.</subfield><subfield code="b">Libraries.</subfield></datafield><datafield ind1="0" ind2=" " tag="730"><subfield code="a">Arabic Collections Online.</subfield></datafield><datafield ind1="0" ind2="8" tag="776"><subfield code="i">Print version:</subfield><subfield code="a">El-Khoury, Bechara, 1957-</subfield><subfield code="t">al-Haw&#225; wa-al-shab&#257;b</subfield><subfield code="w">(NNU)001676628</subfield></datafield><datafield ind1="4" ind2="0" tag="856"><subfield code="u">http://hdl.handle.net/2333.1/vmcvdqtw</subfield></datafield><datafield ind1=" " ind2=" " tag="959"><subfield code="a">NNU</subfield><subfield code="b">WEB</subfield><subfield code="c">GENI</subfield><subfield code="t">0</subfield><subfield code="m">Electronic access</subfield><subfield code="s">01</subfield></datafield><datafield ind1=" " ind2=" " tag="999"><subfield code="i">NNU_001676628</subfield><subfield code="s">nyu_aco000533</subfield><subfield code="e">(ERROR-880)</subfield></datafield></record>